@inproceedings{ghosh2021algorithmic,
	author={Ghosh, Bishwamittra and Basu, Debabrota and Meel, Kuldeep S.},
	title={Algorithmic Fairness Verification with Graphical Models},
	booktitle={Proceedings of AAAI},
	year={2022}}


@inproceedings{ghosh2020justicia,
	author={Ghosh, Bishwamittra and Basu, Debabrota and Meel, Kuldeep S.},
	title={Justicia: A Stochastic {SAT} Approach to Formally Verify Fairness},
	booktitle={Proceedings of AAAI},
	year={2021},
}

@inproceedings{ciampiconi20maxsat,
	author={Ciampiconi, Lorenzo and Ghosh, Bishwamittra and Scarlett, Jonathan and  Meel, Kuldeep S.},
	title={A {MaxSAT}-based Framework for Group Testing},
	booktitle={Proceedings of AAAI},
	year={2020},
}

@inproceedings{ghosh20classification,
	author={Ghosh, Bishwamittra and Malioutov, Dmitry and  Meel, Kuldeep S.},
	title={Classification Rules in Relaxed Logical Form},
	booktitle={Proceedings of ECAI},
	year={2020}
}

@inproceedings{ghosh19incremental,
	author={Ghosh, Bishwamittra and  Meel, Kuldeep S.},
	title={{IMLI}: An Incremental Framework for {MaxSAT}-based Learning of Interpretable Classification Rules},
	booktitle={Proceedings of AAAI/ACM Conference on AI, Ethics, and Society(AIES)},
	year={2019},
}

@inproceedings{ghosh2020formal,
	author={Ghosh, Bishwamittra and Neider, Daniel},
	title={A Formal Language Approach to Explaining {RNNs}},
	booktitle={arXiv:2006.07292},
	year={2020}}


@inproceedings{neider2020probably,
	author={Neider, Daniel and Ghosh, Bishwamittra},
	title={Probably Approximately Correct Explanations of Machine Learning Models via Syntax-Guided Synthesis},
	booktitle={arXiv:2009.08770},
	year={2020}}