@inproceedings{rudin2019stop,
	title={Stop explaining black box machine learning models for high stakes decisions and use interpretable models instead},
	author={Rudin, Cynthia},
	journal={Nature Machine Intelligence},
	volume={1},
	pages={206--215},
	year={2019},
	publisher={Nature Publishing Group}
}


@inproceedings{lakkaraju2016interpretable,
	title={Interpretable decision sets: A joint framework for description and prediction},
	author={Lakkaraju, Himabindu and Bach, Stephen H and Leskovec, Jure},
	booktitle={Proceedings of the 22nd ACM SIGKDD international conference on knowledge discovery and data mining},
	pages={1675--1684},
	year={2016}
}


@article{albarghouthi2017fairsquare,
	title={{FairSquare}: probabilistic verification of program fairness},
	author={Albarghouthi, Aws and D'Antoni, Loris and Drews, Samuel and Nori, Aditya V},
	journal={Proceedings of the ACM on Programming Languages},
	volume={1},
	pages={1--30},
	year={2017},
	publisher={ACM New York, NY, USA}
}


@article{bastani2019probabilistic,
	title={Probabilistic verification of fairness properties via concentration},
	author={Bastani, Osbert and Zhang, Xin and Solar-Lezama, Armando},
	journal={Proceedings of the ACM on Programming Languages},
	volume={3},
	pages={1--27},
	year={2019},
	publisher={ACM New York, NY, USA}
}


@inproceedings{lundberg2017unified,
	title={A unified approach to interpreting model predictions},
	author={Lundberg, Scott M and Lee, Su-In},
	booktitle={Proceedings of the 31st international conference on neural information processing systems},
	pages={4768--4777},
	year={2017}
}



@inproceedings{lundberg2020explaining,
	title={Explaining Quantitative Measures of Fairness},
	author={Lundberg, Scott M},
	booktitle={Fair \& Responsible AI Workshop@ CHI2020},
	year={2020}
}
