@inproceedings{ghosh2018flexible,
	author    = {Ghosh, Bishwamittra and
	Mohammed Eunus Ali and
	Farhana Murtaza Choudhury and
	Sajid Hasan and
	Timos Sellis and
	Jianxin Li},
	title     = {The Flexible Socio Spatial Group Queries},
	booktitle={ {VLDB}},
	year      = {2018},
	url       = {http://www.vldb.org/pvldb/vol12/p99-ghosh.pdf},
	timestamp = {Sat, 17 Nov 2018 18:08:24 +0100},
	biburl    = {https://dblp.org/rec/bib/journals/pvldb/GhoshACHSL18},
	bibsource = {dblp computer science bibliography, https://dblp.org}
}


@article{rudin2022interpretable,
	title={Interpretable machine learning: Fundamental principles and 10 grand challenges},
	author={Rudin, Cynthia and Chen, Chaofan and Chen, Zhi and Huang, Haiyang and Semenova, Lesia and Zhong, Chudi},
	journal={Statistic Surveys},
	volume={16},
	pages={1--85},
	year={2022},
	publisher={The American Statistical Association, the Bernoulli Society, the Institute~…}
}

@article{barocas2017fairness,
	title={Fairness in machine learning},
	author={Barocas, Solon and Hardt, Moritz and Narayanan, Arvind},
	journal={NIPS Tutorial},
	volume={1},
	year={2017}
}


@article{rauber2017foolbox,
	title={Foolbox: A python toolbox to benchmark the robustness of machine learning models},
	author={Rauber, Jonas and Brendel, Wieland and Bethge, Matthias},
	journal={arXiv preprint arXiv:1707.04131},
	year={2017}
}


@article{papernot2016towards,
	title={Towards the science of security and privacy in machine learning},
	author={Papernot, Nicolas and McDaniel, Patrick and Sinha, Arunesh and Wellman, Michael},
	journal={arXiv preprint arXiv:1611.03814},
	year={2016}
}



@inproceedings{rudin2019stop,
	title={Stop explaining black box machine learning models for high stakes decisions and use interpretable models instead},
	author={Rudin, Cynthia},
	journal={Nature Machine Intelligence},
	volume={1},
	pages={206--215},
	year={2019},
	publisher={Nature Publishing Group}
}

@inproceedings{ghosh2022algorithmic,
	author={Ghosh, Bishwamittra and Basu, Debabrota and Meel, Kuldeep S.},
	title={Algorithmic Fairness Verification with Graphical Models},
	booktitle={ AAAI},
	year={2022}}


@inproceedings{ghosh2022how,
	author={Ghosh, Bishwamittra and Basu, Debabrota and Meel, Kuldeep S.},
	title={“{How} Biased are Your Features?”: Computing Fairness
	Influence Functions with Global Sensitivity Analysis},
	booktitle={FAccT},
	year={2023}}


@inproceedings{ghosh2021justicia,
	author={Ghosh, Bishwamittra and Basu, Debabrota and Meel, Kuldeep S.},
	title={Justicia: A Stochastic {SAT} Approach to Formally Verify Fairness},
	booktitle={ AAAI},
	year={2021},
}

@inproceedings{ciampiconi2020maxsat,
	author={Ciampiconi, Lorenzo and Ghosh, Bishwamittra and Scarlett, Jonathan and  Meel, Kuldeep S.},
	title={A {MaxSAT}-based Framework for Group Testing},
	booktitle={ AAAI},
	year={2020},
}

@inproceedings{ghosh2020classification,
	author={Ghosh, Bishwamittra and Malioutov, Dmitry and  Meel, Kuldeep S.},
	title={Classification Rules in Relaxed Logical Form},
	booktitle={ ECAI},
	year={2020}
}

@inproceedings{ghosh2019incremental,
	author={Ghosh, Bishwamittra and  Meel, Kuldeep S.},
	title={{IMLI}: An Incremental Framework for {MaxSAT}-based Learning of Interpretable Classification Rules},
	booktitle={ AIES},
	year={2019},
}


@inproceedings{ghosh22efficient,
	author={Ghosh, Bishwamittra and Malioutov, Dmitry and  Meel, Kuldeep S.},
	title={Efficient Learning of Interpretable Classification Rules},
	booktitle={ JAIR},
	year={2022},
}

@article{apon2021social,
	author = {Apon, Sajid Hasan and Ali, Mohammed Eunus and Ghosh, Bishwamittra and Sellis, Timos},
	title = {Social-Spatial Group Queries with Keywords},
	year = {2021},
	journal = {ACM Transactions on Spatial Algorithms and Systems (TSAS), 2021},
}

@inproceedings{ghosh2020formal,
	author={Ghosh, Bishwamittra and Neider, Daniel},
	title={A Formal Language Approach to Explaining {RNNs}},
	booktitle={arXiv:2006.07292},
	year={2020}}

@inproceedings{neider2020probably,
	author={Neider, Daniel and {Ghosh, Bishwamittra},
	title={Probably Approximately Correct Explanations of Machine Learning Models via Syntax-Guided Synthesis},
	booktitle={arXiv:2009.08770},
	year={2020}}
}




